<record><leader>00000cas a22000007a 4500</leader><controlfield tag="001">13801580</controlfield><controlfield tag="008">860630d18951909utucr ne      0    0eng d</controlfield><datafield ind1=" " ind2=" " tag="010"><subfield code="a">sn 86091392 </subfield></datafield><datafield ind1=" " ind2=" " tag="040"><subfield code="a">UNP</subfield><subfield code="b">eng</subfield><subfield code="c">UNP</subfield><subfield code="d">OCLCQ</subfield></datafield><datafield ind1=" " ind2=" " tag="042"><subfield code="a">msc</subfield></datafield><datafield ind1="0" ind2=" " tag="130"><subfield code="a">Salt Lake herald (Salt Lake City, Utah : Semiweekly)</subfield></datafield><datafield ind1="1" ind2="4" tag="245"><subfield code="a">The Salt Lake herald.</subfield></datafield><datafield ind1=" " ind2=" " tag="250"><subfield code="a">Semiweekly ed.</subfield></datafield><datafield ind1=" " ind2=" " tag="260"><subfield code="a">Salt Lake City, Utah :</subfield><subfield code="b">Herald Pub. Co.,</subfield><subfield code="c">1895-</subfield></datafield><datafield ind1=" " ind2=" " tag="300"><subfield code="a">v. :</subfield><subfield code="b">ill. (chiefly advertisements) ;</subfield><subfield code="c">59 cm.</subfield></datafield><datafield ind1=" " ind2=" " tag="310"><subfield code="a">Semiweekly</subfield></datafield><datafield ind1="0" ind2=" " tag="362"><subfield code="a">Vol. 25, no. 58 (May 1, 1895)-</subfield></datafield><datafield ind1="1" ind2=" " tag="362"><subfield code="a">Ceased in 1909.</subfield><subfield code="z">Cf. Alter, J.C. Early Utah journalism.</subfield></datafield><datafield ind1=" " ind2=" " tag="525"><subfield code="a">"Utah church and farm" supplement issued, 1895-1896.</subfield></datafield><datafield ind1=" " ind2=" " tag="580"><subfield code="a">Daily ed.: Salt Lake herald (Salt Lake City, Utah : 1870).</subfield></datafield><datafield ind1=" " ind2=" " tag="580"><subfield code="a">Weekly ed.: Salt Lake herald (Salt Lake City, Utah : Weekly).</subfield></datafield><datafield ind1=" " ind2=" " tag="752"><subfield code="a">United States</subfield><subfield code="b">Utah</subfield><subfield code="c">Salt Lake</subfield><subfield code="d">Salt Lake City.</subfield></datafield><datafield ind1="1" ind2=" " tag="775"><subfield code="t">Salt Lake herald (Salt Lake City, Utah : 1870)</subfield><subfield code="w">(DLC)sn 85058130</subfield></datafield><datafield ind1="1" ind2=" " tag="775"><subfield code="t">Salt Lake herald (Salt Lake City, Utah : Weekly)</subfield><subfield code="w">(DLC)s  86091387</subfield></datafield><datafield ind1="0" ind2="0" tag="780"><subfield code="t">Semi-weekly herald (Salt Lake City, Utah)</subfield><subfield code="w">(DLC)sn 86091391</subfield><subfield code="w">(OCoLC)13801495</subfield></datafield></record>